@misc{Fileformat,
  author       = {Fileformat},
  howpublished = {\url{https://docs.fileformat.com/image/jpeg/}},
  title        = {JPEG - Image File Format},
  year         = {2019}
}
