@misc{Downsampling,
  author       = {wikipedia},
  howpublished = {\url{https://en.wikipedia.org/wiki/Downsampling_(signal_processing)}},
  title        = {Downsampling (signal processing)},
  year         = {??}
}

@misc{Upsampling,
  author       = {wikipedia},
  howpublished = {\url{https://en.wikipedia.org/wiki/Upsampling}},
  title        = {Upsampling},
  year         = {??}
}

@misc{P3,
  author       = {??},
  howpublished = {\url{https://users.csc.calpoly.edu/~akeen/courses/csc101/handouts/assignments/ppmformat.html}},
  title        = {ppm P3 Image File Format},
  year         = {??}
}

@misc{PPM,
  author       = {rpricejones@wooster.edu},
  howpublished = {\url{https://csweb.wooster.edu/rpricejones/cs110/labs/lab7/lab74.html}},
  title        = {Chapter: PPM Image format},
  year         = {??}
}

@misc{PPM2,
  author       = {??},
  howpublished = {\url{https://people.computing.clemson.edu/~dhouse/courses/405/notes/ppm-files.pdf}},
  title        = {Simple Image File Formats},
  year         = {??}
}

@misc{PNG,
  author       = {Lee Daniel Crocker and Andreas Dilger and Oliver Fromme and Jean-loup Gailly and Aleks Jakulin and Tom Lane and Alexander Lehmann and Chris Lilley and Owen Mortensen and Keith S. Pickens and Glenn Randers-Pehrson and Greg Roelofs and Willem van Schaik and Paul Schmidt and Tim Wegner},
  howpublished = {\url{http://www.libpng.org/pub/png/spec/1.2/PNG-Contents.html}},
  title        = {PNG (Portable Network Graphics) Specification, Version 1.2},
  year         = {1999}
}
