@misc{Downsampling,
  author       = {wikipedia},
  howpublished = {\url{https://en.wikipedia.org/wiki/Downsampling_(signal_processing)}},
  title        = {Downsampling (signal processing)},
  year         = {??}
}

@misc{Upsampling,
  author       = {wikipedia},
  howpublished = {\url{https://en.wikipedia.org/wiki/Upsampling}},
  title        = {Upsampling},
  year         = {??}
}

@misc{P3,
  author       = {??},
  howpublished = {\url{https://users.csc.calpoly.edu/~akeen/courses/csc101/handouts/assignments/ppmformat.html}},
  title        = {ppm P3 Image File Format},
  year         = {??}
}