@misc{Downsampling,
  author       = {wikipedia},
  howpublished = {\url{https://en.wikipedia.org/wiki/Downsampling_(signal_processing)}},
  title        = {Downsampling (signal processing)},
  year         = {??}
}

@misc{Upsampling,
  author       = {wikipedia},
  howpublished = {\url{https://en.wikipedia.org/wiki/Upsampling}},
  title        = {Upsampling},
  year         = {??}
}

