@misc{whatIsGa,
  author       = {Math Works},
  howpublished = {\url{http://www.algorytm.org/przetwarzanie-obrazow/filtrowanie-obrazow.html}},
  title        = {What Is the Genetic Algorithm?},
  year         = {2023},
}
