@misc{Lubinski2007,
  author       = {Tomasz Lubiński},
  howpublished = {\url{http://www.algorytm.org/przetwarzanie-obrazow/filtrowanie-obrazow.html}},
  title        = {Filtrowanie obrazów},
  year         = {2007},
}

@misc{YCbCr1,
  author       = {frwiki},
  howpublished = {\url{https://pl.frwiki.wiki/wiki/YCbCr}},
  title        = {??},
  year         = {??}
}

@misc{YCbCr2,
  author       = {Wikipedia},
  howpublished = {\url{https://pl.wikipedia.org/wiki/YCbCrs}},
  title        = {??},
  year         = {??}
}