@misc{whatIsGa,
  author       = {Tomasz Lubiński},
  howpublished = {\url{http://www.algorytm.org/przetwarzanie-obrazow/filtrowanie-obrazow.html}},
  title        = {Filtrowanie obrazów},
  year         = {2007},
}
