@misc{DitheringDlaObrazówKolorowych1,
  author       = {Tomasz Lubiński},
  howpublished = {\url{http://www.algorytm.org/przetwarzanie-obrazow/dithering-dla-obrazow-kolorowych.html}},
  title        = {Dithering dla obrazów kolorowych},
  year         = {2009}
}

@misc{DitheringDlaObrazówKolorowych2,
  author       = {M. Kramarczyk},
  howpublished = {\url{http://www.mkramarczyk.zut.edu.pl/?cat=ISM&l=04}},
  title        = {Kwantyzacja obrazu i dithering},
  year         = {2009}
}

@misc{Dithering,
  author       = {Tomasz Lubiński},
  howpublished = {\url{http://www.algorytm.org/przetwarzanie-obrazow/algorytm-floyda-steinberga.html}},
  title        = {Algorytm Floyda-Steinberga},
  year         = {2005}
}

@misc{Bresenham,
  author       = {mgr Jerzy Wałaszek},
  howpublished = {\url{https://eduinf.waw.pl/inf/prg/011_sdl2/0009.php}},
  title        = {Algorytm Bresenhama},
  year         = {2022}
}

@misc{barycentryczne1,
  author       = {Anonim},
  howpublished = {\url{https://anutom.blogspot.com/2011/07/wsporzedne-barycentryczne.html}},
  title        = {Współrzędne barycentryczne},
  year         = {2011}
}

@misc{barycentryczne2,
  author       = {Polsko-Japońska Akademia Technik Komputerowych},
  howpublished = {\url{https://gakko.pjwstk.edu.pl/materialy/1927/lec/wyklad-4.html}},
  title        = {Algorytmy rasteryzacji},
  year         = {nieznany}
}